<record><leader>00000cas a2200000 a 4500</leader><controlfield tag="001">27970518</controlfield><controlfield tag="008">930423d1uuu1928iludr ne      0   a0eng c</controlfield><datafield ind1=" " ind2=" " tag="010"><subfield code="a">sn 93055779 </subfield></datafield><datafield ind1=" " ind2=" " tag="040"><subfield code="a">NVF</subfield><subfield code="b">eng</subfield><subfield code="c">NVF</subfield><subfield code="d">KNP</subfield><subfield code="d">NVF</subfield><subfield code="d">OCLCQ</subfield><subfield code="d">NVF</subfield><subfield code="d">OCLCQ</subfield><subfield code="d">DLC</subfield><subfield code="d">NVF</subfield><subfield code="d">OCLCF</subfield><subfield code="d">NVF</subfield><subfield code="d">OCLCO</subfield><subfield code="d">NVF</subfield><subfield code="d">OCLCO</subfield><subfield code="d">NVF</subfield><subfield code="d">OCL</subfield><subfield code="d">NVF</subfield><subfield code="d">DLC</subfield></datafield><datafield ind1="0" ind2=" " tag="022"><subfield code="a">2381-3172</subfield><subfield code="2">1</subfield></datafield><datafield ind1=" " ind2=" " tag="042"><subfield code="a">pcc</subfield><subfield code="a">nsdp</subfield></datafield><datafield ind1=" " ind2=" " tag="043"><subfield code="a">n-us-il</subfield></datafield><datafield ind1="0" ind2="0" tag="050"><subfield code="a">Newspaper</subfield></datafield><datafield ind1="0" ind2="0" tag="082"><subfield code="a">071</subfield><subfield code="2">23</subfield></datafield><datafield ind1="0" ind2=" " tag="130"><subfield code="a">Cairo bulletin (Cairo, Ill. : 1904)</subfield></datafield><datafield ind1=" " ind2="4" tag="222"><subfield code="a">The Cairo bulletin</subfield><subfield code="b">(Cairo, Ill. 1904. Print)</subfield></datafield><datafield ind1="1" ind2="4" tag="245"><subfield code="a">The Cairo bulletin.</subfield></datafield><datafield ind1="3" ind2="3" tag="246"><subfield code="a">Daily bulletin</subfield><subfield code="f">Jan. 1-June 26, 1904</subfield></datafield><datafield ind1="3" ind2="3" tag="246"><subfield code="a">Bulletin</subfield></datafield><datafield ind1=" " ind2=" " tag="260"><subfield code="a">Cairo, Ill. :</subfield><subfield code="b">Bulletin Co.</subfield></datafield><datafield ind1=" " ind2=" " tag="300"><subfield code="a">volumes :</subfield><subfield code="b">illustrations, portraits, music, maps ;</subfield><subfield code="c">24 x 28 cm.</subfield></datafield><datafield ind1=" " ind2=" " tag="310"><subfield code="a">Daily</subfield></datafield><datafield ind1="0" ind2=" " tag="362"><subfield code="a">-v. 60, no. 254 (Sept. 15, 1928).</subfield></datafield><datafield ind1=" " ind2=" " tag="500"><subfield code="a">"Official [news]paper of the city of Cairo," Jan.1-10, 1904; Mar. 14, 1905-&lt;&gt;; Apr. 15, 1908-Feb. 10, 1911.</subfield></datafield><datafield ind1=" " ind2=" " tag="500"><subfield code="a">"Official newspaper of Alexander County," Apr. 15, 1908-Feb. 10, 1911.</subfield></datafield><datafield ind1=" " ind2=" " tag="500"><subfield code="a">"Official newspaper of the city of Cairo and Alexander County," Jan. 4, 1912-July 26, 1913.</subfield></datafield><datafield ind1=" " ind2=" " tag="500"><subfield code="a">"Southern Illinois Greatest Newspaper," May 9, 1914-&lt;Feb. 2, 1915&gt;.</subfield></datafield><datafield ind1=" " ind2=" " tag="500"><subfield code="a">Editors: E. A. Daley, Mar. 7-Nov. 8, 1913; Thos. W. Williams, Nov. 9, 1913-Feb. 15, 1914.</subfield></datafield><datafield ind1=" " ind2=" " tag="500"><subfield code="a">Irregular number of pages published per issue.</subfield></datafield><datafield ind1=" " ind2=" " tag="500"><subfield code="a">Publication suspended for issue May 3, 1911, due to strike. Resumed with May 4, 1911 issue.</subfield></datafield><datafield ind1=" " ind2=" " tag="500"><subfield code="a">Issue for Jan. 1, 1904 called also: "New Year's Number."</subfield></datafield><datafield ind1=" " ind2=" " tag="500"><subfield code="a">Issue for Mar. 7, 1904 includes "Extra, 12 O'Clock" edition.</subfield></datafield><datafield ind1=" " ind2=" " tag="500"><subfield code="a">Issues for July 22, July 29, Aug. 5, and Aug. 19, 1906 include sections titled: "Pictorial, Color and Magazine Section."</subfield></datafield><datafield ind1=" " ind2=" " tag="500"><subfield code="a">Issue for Dec. 21, 1908 includes facsimile of pg. 1: The Cairo evening bulletin, Vol. 1, no. 1 (Dec. 21, 1868).</subfield></datafield><datafield ind1=" " ind2=" " tag="500"><subfield code="a">Issue for Dec. 24, 1908 includes facsimile of pg. 4: The Cairo evening bulletin, Vol. 1, no. 1 (Dec. 21, 1868).</subfield></datafield><datafield ind1=" " ind2=" " tag="500"><subfield code="a">Issues for July 22, Apr. 4, and Nov. 6, 1912, and jan. 5, 1922 called also: "Extra."</subfield></datafield><datafield ind1=" " ind2=" " tag="500"><subfield code="a">Issues for Mar. 24 and Nov. 10, 1912 include "Fashion Edition."</subfield></datafield><datafield ind1=" " ind2=" " tag="500"><subfield code="a">Issue for Dec. 20, 1913 includes "Special Industrial and Booster Edition, edited and issued by Messrs. Lally, Parker and Persons."</subfield></datafield><datafield ind1=" " ind2=" " tag="515"><subfield code="a">Various incorrect volume, number, and chronological designation.</subfield></datafield><datafield ind1=" " ind2=" " tag="515"><subfield code="a">Issue for Jan. 31, 1919 lacks numbering.</subfield></datafield><datafield ind1=" " ind2=" " tag="525"><subfield code="a">Some issues include supplements.</subfield></datafield><datafield ind1=" " ind2=" " tag="530"><subfield code="a">Also available via the World Wide Web.</subfield></datafield><datafield ind1=" " ind2=" " tag="530"><subfield code="a">Archived issues are available in digital format from the Library of Congress Chronicling America online collection.</subfield></datafield><datafield ind1=" " ind2=" " tag="580"><subfield code="a">Weekly ed.: Cairo bulletin (Cairo, Ill. : 1906), &lt;1906&gt;.</subfield></datafield><datafield ind1=" " ind2=" " tag="580"><subfield code="a">Merged with: Cairo evening citizen (Cairo, Ill. : 1910), to form: Cairo evening citizen and Cairo bulletin.</subfield></datafield><datafield ind1=" " ind2=" " tag="588"><subfield code="a">Description based on: Vol. 36, no. 10 (Jan. 1, 1904).</subfield></datafield><datafield ind1=" " ind2="0" tag="651"><subfield code="a">Cairo (Ill.)</subfield><subfield code="v">Newspapers.</subfield></datafield><datafield ind1=" " ind2="0" tag="651"><subfield code="a">Mound City (Ill.)</subfield><subfield code="v">Newspapers.</subfield></datafield><datafield ind1=" " ind2="0" tag="651"><subfield code="a">Mounds (Ill.)</subfield><subfield code="v">Newspapers.</subfield></datafield><datafield ind1=" " ind2="0" tag="651"><subfield code="a">Alexander County (Ill.)</subfield><subfield code="v">Newspapers.</subfield></datafield><datafield ind1=" " ind2="7" tag="651"><subfield code="a">Illinois</subfield><subfield code="z">Alexander County.</subfield><subfield code="2">fast</subfield><subfield code="0">(OCoLC)fst01214971</subfield></datafield><datafield ind1=" " ind2="7" tag="651"><subfield code="a">Illinois</subfield><subfield code="z">Cairo.</subfield><subfield code="2">fast</subfield><subfield code="0">(OCoLC)fst01217110</subfield></datafield><datafield ind1=" " ind2="7" tag="651"><subfield code="a">Illinois</subfield><subfield code="z">Mound City.</subfield><subfield code="2">fast</subfield><subfield code="0">(OCoLC)fst01234188</subfield></datafield><datafield ind1=" " ind2="7" tag="651"><subfield code="a">Illinois</subfield><subfield code="z">Mounds.</subfield><subfield code="2">fast</subfield><subfield code="0">(OCoLC)fst01883485</subfield></datafield><datafield ind1=" " ind2="7" tag="655"><subfield code="a">Newspapers.</subfield><subfield code="2">fast</subfield><subfield code="0">(OCoLC)fst01423814</subfield></datafield><datafield ind1=" " ind2=" " tag="752"><subfield code="a">United States</subfield><subfield code="b">Illinois</subfield><subfield code="c">Alexander County</subfield><subfield code="d">Cairo.</subfield></datafield><datafield ind1="1" ind2=" " tag="775"><subfield code="t">Cairo bulletin (Cairo, Ill. : 1906)</subfield><subfield code="w">(DLC)sn 93058429</subfield><subfield code="w">(OCoLC)29516585</subfield></datafield><datafield ind1="0" ind2="8" tag="776"><subfield code="i">Online version:</subfield><subfield code="t">Cairo bulletin (Cairo, Ill. : 1904)</subfield><subfield code="x">2381-3180</subfield><subfield code="w">(DLC)  2015218894</subfield><subfield code="w">(OCoLC)922980773</subfield></datafield><datafield ind1="0" ind2="0" tag="780"><subfield code="t">Daily Cairo bulletin</subfield><subfield code="x">2328-6016</subfield><subfield code="w">(DLC)sn 87082573</subfield><subfield code="w">(OCoLC)15528437</subfield></datafield><datafield ind1="1" ind2="7" tag="785"><subfield code="t">Cairo evening citizen (Cairo, Ill. : 1910)</subfield><subfield code="w">(DLC)sn 93055654</subfield><subfield code="w">(OCoLC)27971118</subfield></datafield><datafield ind1="1" ind2="7" tag="785"><subfield code="t">Cairo evening citizen and Cairo bulletin</subfield><subfield code="w">(DLC)sn 93055655</subfield><subfield code="w">(OCoLC)27971210</subfield></datafield><datafield ind1="4" ind2="1" tag="856"><subfield code="u">http://www.loc.gov/chroniclingamerica/lccn/sn93055779/issues</subfield></datafield><datafield ind1="1" ind2=" " tag="029"><subfield code="a">AU@</subfield><subfield code="b">000040966480</subfield></datafield></record>